@misc{Gallup-trust-2015,
author = {Riffkin, Rebecca},
title = {Americans' Trust in Media Remains at Historical Low},
howpublished = {\url{http://www.gallup.com/poll/185927/americans-trust-media-remains-historical-low.aspx}},
month = {},
year = {},
note = {(Accessed on 04/20/2016)}
}

@article{Pew-bias-2012,
author = {}, 
title = {Perceptions of Bias, News Knowledge},
journal={Pew Research Center},
howpublished = {\url{http://www.people-press.org/2012/02/07/section-3-perceptions-of-bias-news-knowledge/}},
month = {feb},
year = {2012},
note = {(Accessed on 04/06/2016)}
}

@article{beyond-distrust,
author = {},
title = {Beyond Distrust: How Americans View Their Government},
howpublished = {\url{http://www.people-press.org/2015/11/23/beyond-distrust-how-americans-view-their-government/}},
journal={Pew Research Center},
month = {nov},
year = {2015},
note = {(Accessed on 04/07/2016)}
}

@inproceedings{ladd2005attitudes,
  title={Attitudes toward the news media and voting behavior},
  author={Ladd, Jonathan McDonald},
  booktitle={Annual Meeting of the Midwest Political Science Association},
  year={2005}
}

@misc{Trump-advantage,
author = {},
title = {Measuring Donald Trump's Mammoth Advantage in Free Media - The New York Times},
howpublished = {\url{http://www.nytimes.com/2016/03/16/upshot/measuring-donald-trumps-mammoth-advantage-in-free-media.html}},
month = {},
year = {},
note = {(Accessed on 04/20/2016)}
}

@misc{Greenwald,
author = {},
title = {Is Glenn Greenwald the Future of News? -- The New York Times},
howpublished = {\url{http://www.nytimes.com/2013/10/28/opinion/a-conversation-in-lieu-of-a-column.html?mtrref=www.google.com&gwh=450466A4B52C2124639CE220312812D5&gwt=pay&assetType=opinion}},
month = {},
year = {},
note = {(Accessed on 04/20/2016)}
}

@article{taber2006motivated,
  title={Motivated skepticism in the evaluation of political beliefs},
  author={Taber, Charles S and Lodge, Milton},
  journal={American Journal of Political Science},
  volume={50},
  number={3},
  pages={755--769},
  year={2006},
  publisher={Wiley Online Library}
}

@article{vallone1985hostile,
  title={The hostile media phenomenon: biased perception and perceptions of media bias in coverage of the Beirut massacre.},
  author={Vallone, Robert P and Ross, Lee and Lepper, Mark R},
  journal={Journal of personality and social psychology},
  volume={49},
  number={3},
  pages={577},
  year={1985},
  publisher={American Psychological Association}
}
@article{weisberg2008seductive,
  title={The seductive allure of neuroscience explanations},
  author={Weisberg, Deena Skolnick and Keil, Frank C and Goodstein, Joshua and Rawson, Elizabeth and Gray, Jeremy R},
  journal={Journal of cognitive neuroscience},
  volume={20},
  number={3},
  pages={470--477},
  year={2008},
  publisher={MIT Press}
}

@article{baum2008eye,
  title={In the eye of the beholder: How information shortcuts shape individual perceptions of bias in the media},
  author={Baum, Matthew A and Gussin, Phil and others},
  journal={Quarterly Journal of political science},
  volume={3},
  number={1},
  pages={1--31},
  year={2008},
  publisher={now publishers}
}

@misc{apFAQ,
author = {Associated Press},
title = {FAQs},
howpublished = {\url{http://www.ap.org/company/FAQs}},
month = {},
year = {2016},
note = {(Accessed on 04/21/2016)}
}

@techreport{dellavigna2006fox,
  title={The Fox News effect: Media bias and voting},
  author={DellaVigna, Stefano and Kaplan, Ethan},
  year={2006},
  institution={National Bureau of Economic Research}
}

@inproceedings{vvr_electome2016,
  title={Automatic Detection and Categorization of Election-Related Tweets},
  author={Vijayaraghavan, Prashanth and Vosoughi, Soroush and Roy, Deb},
  booktitle={10th International AAAI Conference on Web and Social Media},
  year={2016}
}

@article{PoliticalPolarization,
   author = {Mitchell, Amy and Gottfried, Jeffrey and Kiley, Jocelyn and Matsa, Katerina Eva},
   title = {Political Polarization \& Media Habits}, 
   journal={Pew Research Center},
   howpublished = {\url{http://www.journalism.org/2014/10/21/political-polarization-media-habits/}},
   month = {Oct},
   day = {21},
   year = {2014},
   note = {(Accessed on 04/02/2016)}
}

@inproceedings{nigam1999using,
  title={Using maximum entropy for text classification},
  author={Nigam, Kamal and Lafferty, John and McCallum, Andrew},
  booktitle={IJCAI-99 workshop on machine learning for information filtering},
  volume={1},
  pages={61--67},
  year={1999}
}

@article{pedregosa2011scikit,
  title={Scikit-learn: Machine learning in Python},
  author={Pedregosa, Fabian and Varoquaux, Ga{\"e}l and Gramfort, Alexandre and Michel, Vincent and Thirion, Bertrand and Grisel, Olivier and Blondel, Mathieu and Prettenhofer, Peter and Weiss, Ron and Dubourg, Vincent and others},
  journal={The Journal of Machine Learning Research},
  volume={12},
  pages={2825--2830},
  year={2011},
  publisher={JMLR.org}
} 

@inproceedings{vincent2008extracting,
  title={Extracting and composing robust features with denoising autoencoders},
  author={Vincent, Pascal and Larochelle, Hugo and Bengio, Yoshua and Manzagol, Pierre-Antoine},
  booktitle={Proceedings of the 25th international conference on Machine learning},
  pages={1096--1103},
  year={2008},
  organization={ACM}
}

@techreport{kincaid1975derivation,
  title={Derivation of new readability formulas (automated readability index, fog count and flesch reading ease formula) for navy enlisted personnel},
  author={Kincaid, J Peter and Fishburne Jr, Robert P and Rogers, Richard L and Chissom, Brad S},
  year={1975},
  institution={DTIC Document}
}

@misc{Statu37online,
   author = {The Florida Legislature},
   title = {The 2015 Florida Statutes Title XXXVII},
   chapter = "627",
   howpublished = {\url{http://www.leg.state.fl.us/Statutes}},
   month = {},
   year = {},
   note = {(Accessed on 04/05/2016)}
}

@misc{March45online,
author = {},
title = {March 1 election results 2016 updates | The Washington Post},
howpublished = {\url{https://www.washingtonpost.com/2016-election-results/super-tuesday/}},
month = {mar},
year = {2016},
note = {(Accessed on 04/06/2016)}
}

@misc{CrowdFlower-guide,
author = {},
title = {Guide To: Running Surveys â€“- CrowdFlower Success Center},
howpublished = {\url{https://success.crowdflower.com/hc/en-us/articles/201855969-Survey-Guide-To-Running-Surveys}},
month = {},
year = {},
note = {(Accessed on 04/21/2016)}
}

@misc{CrowdFlower-levels,
author = {},
title = {Introducing Contributor Performance Levels! - CrowdFlower Community},
howpublished = {\url{http://crowdflowercommunity.tumblr.com/post/80598014542/introducing-contributor-performance-levels}},
month = {mar},
year = {2014},
note = {(Accessed on 04/21/2016)}
}

@misc{COUHES-turk,
author = {},
title = {COUHES Policy for Using Amazon's Mechanical Turk | Welcome to COUHES},
howpublished = {\url{https://couhes.mit.edu/guidelines/couhes-policy-using-amazons-mechanical-turk}},
month = {},
year = {},
note = {(Accessed on 04/21/2016)}
}

@preamble{ "\newcommand{\noopsort}[1]{} "
	# "\newcommand{\printfirst}[2]{#1} "
	# "\newcommand{\singleletter}[1]{#1} "
	# "\newcommand{\switchargs}[2]{#2#1} " }

@ARTICLE{article-minimal,
   author = {L[eslie] A. Aamport},
   title = {The Gnats and Gnus Document Preparation System},
   journal = {\mbox{G-Animal's} Journal},
   year = 1986,
}

@ARTICLE{article-full,
   author = {L[eslie] A. Aamport},
   title = {The Gnats and Gnus Document Preparation System},
   journal = {\mbox{G-Animal's} Journal},
   year = 1986,
   volume = 41,
   number = 7,
   pages = "73+",
   month = jul,
   note = "This is a full ARTICLE entry",
}

The KEY field is here to override the KEY field in the journal being
cross referenced (so is the NOTE field, in addition to its imparting
information).

@ARTICLE{article-crossref,
   crossref = {WHOLE-JOURNAL},
   key = "",
   author = {L[eslie] A. Aamport},
   title = {The Gnats and Gnus Document Preparation System},
   pages = "73+",
   note = "This is a cross-referencing ARTICLE entry",
}

@ARTICLE{whole-journal,
   key = "GAJ",
   journal = {\mbox{G-Animal's} Journal},
   year = 1986,
   volume = 41,
   number = 7,
   month = jul,
   note = {The entire issue is devoted to gnats and gnus
		(this entry is a cross-referenced ARTICLE (journal))},
}

@INBOOK{inbook-minimal,
   author = "Donald E. Knuth",
   title = "Fundamental Algorithms",
   publisher = "Addison-Wesley",
   year = "{\noopsort{1973b}}1973",
   chapter = "1.2",
}

@INBOOK{inbook-full,
   author = "Donald E. Knuth",
   title = "Fundamental Algorithms",
   volume = 1,
   series = "The Art of Computer Programming",
   publisher = "Addison-Wesley",
   address = "Reading, Massachusetts",
   edition = "Second",
   month = "10~" # jan,
   year = "{\noopsort{1973b}}1973",
   type = "Section",
   chapter = "1.2",
   pages = "10--119",
   note = "This is a full INBOOK entry",
}

@INBOOK{inbook-crossref,
   crossref = "whole-set",
   title = "Fundamental Algorithms",
   volume = 1,
   series = "The Art of Computer Programming",
   edition = "Second",
   year = "{\noopsort{1973b}}1973",
   type = "Section",
   chapter = "1.2",
   note = "This is a cross-referencing INBOOK entry",
}

@BOOK{book-minimal,
   author = "Donald E. Knuth",
   title = "Seminumerical Algorithms",
   publisher = "Addison-Wesley",
   year = "{\noopsort{1973c}}1981",
}

@BOOK{book-full,
   author = "Donald E. Knuth",
   title = "Seminumerical Algorithms",
   volume = 2,
   series = "The Art of Computer Programming",
   publisher = "Addison-Wesley",
   address = "Reading, Massachusetts",
   edition = "Second",
   month = "10~" # jan,
   year = "{\noopsort{1973c}}1981",
   note = "This is a full BOOK entry",
}

@BOOK{book-crossref,
   crossref = "whole-set",
   title = "Seminumerical Algorithms",
   volume = 2,
   series = "The Art of Computer Programming",
   edition = "Second",
   year = "{\noopsort{1973c}}1981",
   note = "This is a cross-referencing BOOK entry",
}

@BOOK{whole-set,
   author = "Donald E. Knuth",
   publisher = "Addison-Wesley",
   title = "The Art of Computer Programming",
   series = "Four volumes",
   year = "{\noopsort{1973a}}{\switchargs{--90}{1968}}",
   note = "Seven volumes planned (this is a cross-referenced set of BOOKs)",
}

@BOOKLET{booklet-minimal,
   key = "Kn{\printfirst{v}{1987}}",
   title = "The Programming of Computer Art",
}

@BOOKLET{booklet-full,
   author = "Jill C. Knvth",
   title = "The Programming of Computer Art",
   howpublished = "Vernier Art Center",
   address = "Stanford, California",
   month = feb,
   year = 1988,
   note = "This is a full BOOKLET entry",
}

@INCOLLECTION{incollection-minimal,
   author = "Daniel D. Lincoll",
   title = "Semigroups of Recurrences",
   booktitle = "High Speed Computer and Algorithm Organization",
   publisher = "Academic Press",
   year = 1977,
}

@INCOLLECTION{incollection-full,
   author = "Daniel D. Lincoll",
   title = "Semigroups of Recurrences",
   editor = "David J. Lipcoll and D. H. Lawrie and A. H. Sameh",
   booktitle = "High Speed Computer and Algorithm Organization",
   number = 23,
   series = "Fast Computers",
   chapter = 3,
   type = "Part",
   pages = "179--183",
   publisher = "Academic Press",
   address = "New York",
   edition = "Third",
   month = sep,
   year = 1977,
   note = "This is a full INCOLLECTION entry",
}

@INCOLLECTION{incollection-crossref,
   crossref = "whole-collection",
   author = "Daniel D. Lincoll",
   title = "Semigroups of Recurrences",
   pages = "179--183",
   note = "This is a cross-referencing INCOLLECTION entry",
}

@BOOK{whole-collection,
   editor = "David J. Lipcoll and D. H. Lawrie and A. H. Sameh",
   title = "High Speed Computer and Algorithm Organization",
   booktitle = "High Speed Computer and Algorithm Organization",
   number = 23,
   series = "Fast Computers",
   publisher = "Academic Press",
   address = "New York",
   edition = "Third",
   month = sep,
   year = 1977,
   note = "This is a cross-referenced BOOK (collection) entry",
}

@MANUAL{manual-minimal,
   key = "Manmaker",
   title = "The Definitive Computer Manual",
}

@MANUAL{manual-full,
   author = "Larry Manmaker",
   title = "The Definitive Computer Manual",
   organization = "Chips-R-Us",
   address = "Silicon Valley",
   edition = "Silver",
   month = apr # "-" # may,
   year = 1986,
   note = "This is a full MANUAL entry",
}

@MASTERSTHESIS{mastersthesis-minimal,
   author = "{\'{E}}douard Masterly",
   title = "Mastering Thesis Writing",
   school = "Stanford University",
   year = 1988,
}

@MASTERSTHESIS{mastersthesis-full,
   author = "{\'{E}}douard Masterly",
   title = "Mastering Thesis Writing",
   school = "Stanford University",
   type = "Master's project",
   address = "English Department",
   month = jun # "-" # aug,
   year = 1988,
   note = "This is a full MASTERSTHESIS entry",
}

@MISC{misc-minimal,
   key = "Missilany",
   note = "This is a minimal MISC entry",
}

@MISC{misc-full,
   author = "Joe-Bob Missilany",
   title = "Handing out random pamphlets in airports",
   howpublished = "Handed out at O'Hare",
   month = oct,
   year = 1984,
   note = "This is a full MISC entry",
}

@STRING{STOC-key = "OX{\singleletter{stoc}}"}

@STRING{ACM = "The OX Association for Computing Machinery"}

@STRING{STOC = " Symposium on the Theory of Computing"}

@INPROCEEDINGS{inproceedings-minimal,
   author = "Alfred V. Oaho and Jeffrey D. Ullman and Mihalis Yannakakis",
   title = "On Notions of Information Transfer in {VLSI} Circuits",
   booktitle = "Proc. Fifteenth Annual ACM" # STOC,
   year = 1983,
}

@INPROCEEDINGS{inproceedings-full,
   author = "Alfred V. Oaho and Jeffrey D. Ullman and Mihalis Yannakakis",
   title = "On Notions of Information Transfer in {VLSI} Circuits",
   editor = "Wizard V. Oz and Mihalis Yannakakis",
   booktitle = "Proc. Fifteenth Annual ACM" # STOC,
   number = 17,
   series = "All ACM Conferences",
   pages = "133--139",
   month = mar,
   year = 1983,
   address = "Boston",
   organization = ACM,
   publisher = "Academic Press",
   note = "This is a full INPROCEDINGS entry",
}

@INPROCEEDINGS{inproceedings-crossref,
   crossref = "whole-proceedings",
   author = "Alfred V. Oaho and Jeffrey D. Ullman and Mihalis Yannakakis",
   title = "On Notions of Information Transfer in {VLSI} Circuits",
   organization = "",
   pages = "133--139",
   note = "This is a cross-referencing INPROCEEDINGS entry",
}

@PROCEEDINGS{proceedings-minimal,
   key = STOC-key,
   title = "Proc. Fifteenth Annual" # STOC,
   year = 1983,
}

@PROCEEDINGS{proceedings-full,
   editor = "Wizard V. Oz and Mihalis Yannakakis",
   title = "Proc. Fifteenth Annual" # STOC,
   number = 17,
   series = "All ACM Conferences",
   month = mar,
   year = 1983,
   address = "Boston",
   organization = ACM,
   publisher = "Academic Press",
   note = "This is a full PROCEEDINGS entry",
}

@PROCEEDINGS{whole-proceedings,
   key = STOC-key,
   organization = ACM,
   title = "Proc. Fifteenth Annual" # STOC,
   address = "Boston",
   year = 1983,
   booktitle = "Proc. Fifteenth Annual ACM" # STOC,
   note = "This is a cross-referenced PROCEEDINGS",
}

@PHDTHESIS{phdthesis-minimal,
   author = "F. Phidias Phony-Baloney",
   title = "Fighting Fire with Fire: Festooning {F}rench Phrases",
   school = "Fanstord University",
   year = 1988,
}

@PHDTHESIS{phdthesis-full,
   author = "F. Phidias Phony-Baloney",
   title = "Fighting Fire with Fire: Festooning {F}rench Phrases",
   school = "Fanstord University",
   type = "{PhD} Dissertation",
   address = "Department of French",
   month = jun # "-" # aug,
   year = 1988,
   note = "This is a full PHDTHESIS entry",
}

@TECHREPORT{techreport-minimal,
   author = "Tom Terrific",
   title = "An {$O(n \log n / \! \log\log n)$} Sorting Algorithm",
   institution = "Fanstord University",
   year = 1988,
}

@TECHREPORT{techreport-full,
   author = "Tom T{\'{e}}rrific",
   title = "An {$O(n \log n / \! \log\log n)$} Sorting Algorithm",
   institution = "Fanstord University",
   type = "Wishful Research Result",
   number = "7",
   address = "Computer Science Department, Fanstord, California",
   month = oct,
   year = 1988,
   note = "This is a full TECHREPORT entry",
}

@UNPUBLISHED{unpublished-minimal,
   author = "Ulrich {\"{U}}nderwood and Ned {\~N}et and Paul {\={P}}ot",
   title = "Lower Bounds for Wishful Research Results",
   note = "Talk at Fanstord University (this is a minimal UNPUBLISHED entry)",
}

@UNPUBLISHED{unpublished-full,
   author = "Ulrich {\"{U}}nderwood and Ned {\~N}et and Paul {\={P}}ot",
   title = "Lower Bounds for Wishful Research Results",
   month = nov # ", " # dec,
   year = 1988,
   note = "Talk at Fanstord University (this is a full UNPUBLISHED entry)",
}

@MISC{random-note-crossref,
   key = {Volume-2},
   note = "Volume~2 is listed under Knuth \cite{book-full}"
}
 